% fastbook
@book{howard2020deep,
title={Deep Learning for Coders with Fastai and Pytorch: AI Applications Without a PhD},
author={Howard, J. and Gugger, S.},
isbn={9781492045526},
url={https://books.google.no/books?id=xd6LxgEACAAJ},
year={2020},
publisher={O'Reilly Media, Incorporated}
}

% first GAN
@misc{goodfellow2014generative,
      title={Generative Adversarial Networks}, 
      author={Ian J. Goodfellow and Jean Pouget-Abadie and Mehdi Mirza and Bing Xu and David Warde-Farley and Sherjil Ozair and Aaron Courville and Yoshua Bengio},
      year={2014},
      eprint={1406.2661},
      archivePrefix={arXiv},
      primaryClass={stat.ML}
}

% pytorch-CycleGAN-and-pix2pix
@inproceedings{CycleGAN2017,
  title={Unpaired Image-to-Image Translation using Cycle-Consistent Adversarial Networkss},
  author={Zhu, Jun-Yan and Park, Taesung and Isola, Phillip and Efros, Alexei A},
  booktitle={Computer Vision (ICCV), 2017 IEEE International Conference on},
  year={2017}
}
